@article{computable_numbers,
  author = {Turing, A. M.},
  title = {On Computable Numbers, with an Application to the Entscheidungsproblem},
  journal = {Proceedings of the London Mathematical Society},
  volume = {s2-42},
  number = {1},
  pages = {230-265},
  doi = {10.1112/plms/s2-42.1.230},
  url = {https://londmathsoc.onlinelibrary.wiley.com/doi/abs/10.1112/plms/s2-42.1.230},
  eprint = {https://londmathsoc.onlinelibrary.wiley.com/doi/pdf/10.1112/plms/s2-42.1.230},
  year = {1937}
}

@article{rado,
  author={T. {Rado}},
  journal={The Bell System Technical Journal}, 
  title={On non-computable functions}, 
  year={1962},
  volume={41},
  number={3},
  pages={877-884}
}


@misc{halting-prog,
  author = {Grant Gurvis},
  title = {cot4210-halting-problem},
  url = {https://github.com/grant0417/cot4210-halting-problem},
  year = {2020}
}

@misc{oeis,
  title = {The On-Line Encyclopedia of Integer Sequences},
  publisher = {OEIS Foundation Inc.},
  url = {https://oeis.org/A060843},
  year = {2020}
}

@misc{8000,
  title = {The 8000th Busy Beaver number eludes ZF set theory: new paper by Adam Yedidia and me},
  author = {Scott Aaronson},
  year = {2016},
  url = {https://www.scottaaronson.com/blog/?p=2725}
}

@misc{1919,
  author = {Scott Aaronson},
  title = {Three announcements},
  year = {2016},
  url = {https://www.scottaaronson.com/blog/?p=2741}
}

@misc{comp,
  title = {The Busy Beaver Competitions},
  author = {Pascal Michel},
  year = {2016},
  url = {http://www.logique.jussieu.fr/~michel/bbc.html}
}


